<record><leader>00000cas a22000007a 4500</leader><controlfield tag="001">9311082</controlfield><controlfield tag="008">830315d18361837mauwr ne      0    0eng d</controlfield><datafield ind1=" " ind2=" " tag="010"><subfield code="a">sn 83020254 </subfield></datafield><datafield ind1=" " ind2=" " tag="040"><subfield code="a">NPX</subfield><subfield code="b">eng</subfield><subfield code="c">NPX</subfield><subfield code="d">OCLCQ</subfield></datafield><datafield ind1=" " ind2=" " tag="042"><subfield code="a">msc</subfield></datafield><datafield ind1=" " ind2=" " tag="043"><subfield code="a">n-us-ma</subfield></datafield><datafield ind1="0" ind2="0" tag="245"><subfield code="a">Fitchburg Worcester County courier.</subfield></datafield><datafield ind1="1" ind2="3" tag="246"><subfield code="a">Fitchburg courier</subfield></datafield><datafield ind1="1" ind2="7" tag="246"><subfield code="a">Worcester County courier</subfield></datafield><datafield ind1=" " ind2=" " tag="260"><subfield code="a">Fitchburg, Mass. :</subfield><subfield code="b">J. Garfield,</subfield><subfield code="c">-1837.</subfield></datafield><datafield ind1=" " ind2=" " tag="300"><subfield code="a">v. ;</subfield><subfield code="c">52 cm.</subfield></datafield><datafield ind1=" " ind2=" " tag="310"><subfield code="a">Weekly</subfield></datafield><datafield ind1="0" ind2=" " tag="362"><subfield code="a">-June 30, 1837.</subfield></datafield><datafield ind1="1" ind2=" " tag="362"><subfield code="a">Began in July 1836.</subfield><subfield code="z">Cf. Garfield, J.F.D. Sketch of journalism in Fitchburg, Mass.</subfield></datafield><datafield ind1=" " ind2=" " tag="500"><subfield code="a">Published on Friday.</subfield></datafield><datafield ind1=" " ind2=" " tag="500"><subfield code="a">Publisher: W.S. Wilder, &lt;Nov. 4, 1836&gt;-June 30, 1837.</subfield></datafield><datafield ind1=" " ind2=" " tag="500"><subfield code="a">Printer: J. Garfield, &lt;Nov. 4, 1836&gt;-June 30, 1837.</subfield></datafield><datafield ind1=" " ind2=" " tag="500"><subfield code="a">"Neutral." Cf. Garfield, J.F.D. Sketch of journalism in Fitchburg, Mass.</subfield></datafield><datafield ind1=" " ind2=" " tag="588"><subfield code="a">Description based on: Vol. 3, no. 12 (Sept. 30, 1836).</subfield></datafield><datafield ind1=" " ind2=" " tag="752"><subfield code="a">United States</subfield><subfield code="b">Massachusetts</subfield><subfield code="c">Worcester</subfield><subfield code="d">Fitchburg.</subfield></datafield><datafield ind1="0" ind2="0" tag="780"><subfield code="t">Worcester County courier</subfield><subfield code="w">(DLC)sn 83020255</subfield></datafield><datafield ind1="0" ind2="0" tag="785"><subfield code="t">Courier (Fitchburg, Mass.)</subfield><subfield code="w">(DLC)sn 83020253</subfield></datafield></record>